
@inproceedings{chaitin82,
  author    = {G. J. Chaitin},
  title     = {Register Allocation and Spilling Via Graph Coloring},
  year      = {1982},
  address   = {New York, NY, USA},
  url       = {https://web.eecs.umich.edu/~mahlke/courses/583f12/reading/chaitin82.pdf}
}

@inproceedings{llvmGreedy,
    author = {Jakob Stoklund Olesen},
    title = {Greedy Register Allocation in LLVM 3.0},
    organization = {LLVM Project},
    year = {2011},
    month = {Sep},
    url = {https://blog.llvm.org/2011/09/greedy-register-allocation-in-llvm-30.html#:~:text=in%20order%20of%20decreasing%20spill,with%20any%20priority%20queue%20order}
}
